<record><leader>00000cas a22000007a 4500</leader><controlfield tag="001">11330921</controlfield><controlfield tag="008">841031d18uu1883paudr ne      0    0eng d</controlfield><datafield ind1=" " ind2=" " tag="010"><subfield code="a">sn 84038520 </subfield></datafield><datafield ind1=" " ind2=" " tag="040"><subfield code="a">NPX</subfield><subfield code="b">eng</subfield><subfield code="c">NPX</subfield><subfield code="d">NPH</subfield><subfield code="d">DLC</subfield><subfield code="d">TGN</subfield><subfield code="d">DLC</subfield><subfield code="d">OCLCQ</subfield><subfield code="d">OCLCF</subfield></datafield><datafield ind1="1" ind2=" " tag="029"><subfield code="a">AU@</subfield><subfield code="b">000025822133</subfield></datafield><datafield ind1=" " ind2=" " tag="042"><subfield code="a">msc</subfield></datafield><datafield ind1=" " ind2=" " tag="043"><subfield code="a">n-us-pa</subfield></datafield><datafield ind1="0" ind2="0" tag="050"><subfield code="a">Newspaper</subfield></datafield><datafield ind1="0" ind2="0" tag="245"><subfield code="a">Allegheny evening mail.</subfield></datafield><datafield ind1="1" ind2="3" tag="246"><subfield code="a">Allegheny mail</subfield></datafield><datafield ind1=" " ind2=" " tag="260"><subfield code="a">Allegheny, Pa. :</subfield><subfield code="b">W.J. Kountz</subfield></datafield><datafield ind1=" " ind2=" " tag="300"><subfield code="a">v. :</subfield><subfield code="b">ill. ;</subfield><subfield code="c">60-66 cm.</subfield></datafield><datafield ind1=" " ind2=" " tag="310"><subfield code="a">Daily</subfield></datafield><datafield ind1="1" ind2=" " tag="362"><subfield code="a">Began in 1873.</subfield><subfield code="z">Cf. Rossell, G. Pa. newspapers.</subfield></datafield><datafield ind1="1" ind2=" " tag="362"><subfield code="a">Ceased in 1883 .</subfield><subfield code="z">Cf. Salisbury, R. Pa. newspapers.</subfield></datafield><datafield ind1=" " ind2=" " tag="500"><subfield code="a">"The only daily paper published in the 23rd Congressional district."</subfield></datafield><datafield ind1=" " ind2=" " tag="500"><subfield code="a">Published by: Mail Pub. Co. &lt;Sept. 26, 1881-&gt;.</subfield></datafield><datafield ind1=" " ind2=" " tag="500"><subfield code="a">Published several editions daily.</subfield></datafield><datafield ind1=" " ind2=" " tag="500"><subfield code="a">The City of Pittsburg was consolidated with Allegheny in 1907. Cf. Espenshade, A.H. Pennsylvania place names.</subfield></datafield><datafield ind1=" " ind2=" " tag="588"><subfield code="a">Description based on: Vol. 6, no. 61 (Sept. 2, 1873).</subfield></datafield><datafield ind1=" " ind2="0" tag="651"><subfield code="a">North Side (Pittsburgh, Pa.)</subfield><subfield code="v">Newspapers.</subfield></datafield><datafield ind1=" " ind2="0" tag="651"><subfield code="a">Pittsburgh (Pa.)</subfield><subfield code="v">Newspapers.</subfield></datafield><datafield ind1=" " ind2="0" tag="651"><subfield code="a">Allegheny County (Pa.)</subfield><subfield code="v">Newspapers.</subfield></datafield><datafield ind1=" " ind2="7" tag="655"><subfield code="a">Newspapers.</subfield><subfield code="2">fast</subfield><subfield code="0">(OCoLC)fst01423814</subfield></datafield><datafield ind1=" " ind2="7" tag="651"><subfield code="a">Pennsylvania</subfield><subfield code="z">Allegheny County.</subfield><subfield code="2">fast</subfield><subfield code="0">(OCoLC)fst01209250</subfield></datafield><datafield ind1=" " ind2="7" tag="651"><subfield code="a">Pennsylvania</subfield><subfield code="z">Pittsburgh.</subfield><subfield code="2">fast</subfield><subfield code="0">(OCoLC)fst01205171</subfield></datafield><datafield ind1=" " ind2="7" tag="651"><subfield code="a">Pennsylvania</subfield><subfield code="z">Pittsburgh</subfield><subfield code="z">North Side.</subfield><subfield code="2">fast</subfield><subfield code="0">(OCoLC)fst01322947</subfield></datafield><datafield ind1=" " ind2=" " tag="752"><subfield code="a">United States</subfield><subfield code="b">Pennsylvania</subfield><subfield code="c">Allegheny</subfield><subfield code="d">Pittsburgh.</subfield></datafield><datafield ind1=" " ind2=" " tag="752"><subfield code="a">United States</subfield><subfield code="b">Pennsylvania</subfield><subfield code="c">Allegheny</subfield><subfield code="d">Allegheny.</subfield></datafield><datafield ind1="0" ind2="0" tag="785"><subfield code="t">Evening mail (Allegheny, Pa.)</subfield><subfield code="w">(DLC)sn 86081010</subfield><subfield code="w">(OCoLC)13025188</subfield></datafield></record>